<marc:collection xmlns:marc="http://www.loc.gov/MARC21/slim" xmlns:xsi="http://www.w3.org/2001/XMLSchema-instance" xsi:schemaLocation="http://www.loc.gov/MARC21/slim http://www.loc.gov/standards/marcxml/schema/MARC21slim.xsd">
    <marc:record type="Bibliographic">
        <marc:leader>01672cam a2200373 a 4500</marc:leader>
        <marc:controlfield tag="001">441360</marc:controlfield>
        <marc:controlfield tag="003">NjP</marc:controlfield>
        <marc:controlfield tag="005">20130918081815.0</marc:controlfield>
        <marc:controlfield tag="008">880429m19831984ir           f000 0 arard</marc:controlfield>
        <marc:datafield tag="010" ind1=" " ind2=" ">
            <marc:subfield code="a">   85136156 </marc:subfield>
        </marc:datafield>
        <marc:datafield tag="035" ind1=" " ind2=" ">
            <marc:subfield code="a">(OCoLC)ocn175971652</marc:subfield>
        </marc:datafield>
        <marc:datafield tag="035" ind1=" " ind2=" ">
            <marc:subfield code="a">(OCoLC)17300765</marc:subfield>
        </marc:datafield>
        <marc:datafield tag="040" ind1=" " ind2=" ">
            <marc:subfield code="a">PUL</marc:subfield>
            <marc:subfield code="c">PUL</marc:subfield>
            <marc:subfield code="d">PUL</marc:subfield>
        </marc:datafield>
        <marc:datafield tag="035" ind1=" " ind2=" ">
            <marc:subfield code="a">(OCoLC)175971652</marc:subfield>
        </marc:datafield>
        <marc:datafield tag="035" ind1=" " ind2=" ">
            <marc:subfield code="a">(CStRLIN)NJPG88-B22389</marc:subfield>
        </marc:datafield>
        <marc:datafield tag="035" ind1=" " ind2=" ">
            <marc:subfield code="9">ACB6975TS</marc:subfield>
        </marc:datafield>
        <marc:datafield tag="035" ind1=" " ind2=" ">
            <marc:subfield code="a">(NjP)441360</marc:subfield>
        </marc:datafield>
        <marc:datafield tag="050" ind1="0" ind2=" ">
            <marc:subfield code="a">B745.K53</marc:subfield>
            <marc:subfield code="b">B54 1983</marc:subfield>
        </marc:datafield>
        <marc:datafield tag="079" ind1=" " ind2=" ">
            <marc:subfield code="a">ocm17300765</marc:subfield>
        </marc:datafield>
        <marc:datafield tag="049" ind1=" " ind2=" ">
            <marc:subfield code="a">PULL</marc:subfield>
        </marc:datafield>
        <marc:datafield tag="100" ind1="1" ind2=" ">
            <marc:subfield code="6">880-01</marc:subfield>
            <marc:subfield code="a">Bihishtī, Muḥammad,</marc:subfield>
            <marc:subfield code="d">1928-1981.</marc:subfield>
        </marc:datafield>
        <marc:datafield tag="245" ind1="1" ind2="3">
            <marc:subfield code="6">880-02</marc:subfield>
            <marc:subfield code="a">al-Maʻrifah bi-lughat al-fiṭrah :</marc:subfield>
            <marc:subfield code="b">silsilah min al-muḥāẓarāt [i.e. al-muḥāḍarāt] allatī alqāhā al-shahīd al-Duktūr Āyat Allāh Bihishtī.</marc:subfield>
        </marc:datafield>
        <marc:datafield tag="250" ind1=" " ind2=" ">
            <marc:subfield code="6">880-03</marc:subfield>
            <marc:subfield code="a">al-Ṭabʻah 1.</marc:subfield>
        </marc:datafield>
        <marc:datafield tag="260" ind1=" " ind2=" ">
            <marc:subfield code="6">880-04</marc:subfield>
            <marc:subfield code="a">[Tehran] :</marc:subfield>
            <marc:subfield code="b">Markaz Iʻlām al-Dhikrá al-Khāmisah li-Intiṣār al-Thawrah al-Islāmīyah fī Īrān,</marc:subfield>
            <marc:subfield code="c">1404 [1983 or 1984]</marc:subfield>
        </marc:datafield>
        <marc:datafield tag="300" ind1=" " ind2=" ">
            <marc:subfield code="a">80 p. ;</marc:subfield>
            <marc:subfield code="c">22 cm.</marc:subfield>
        </marc:datafield>
        <marc:datafield tag="650" ind1=" " ind2="0">
            <marc:subfield code="a">Knowledge, Theory of (Islam)</marc:subfield>
        </marc:datafield>
        <marc:datafield tag="650" ind1=" " ind2="0">
            <marc:subfield code="a">Islam</marc:subfield>
            <marc:subfield code="x">Doctrines.</marc:subfield>
        </marc:datafield>
        <marc:datafield tag="880" ind1="1" ind2=" ">
            <marc:subfield code="6">100-01/r</marc:subfield>
            <marc:subfield code="a">بهشتي، محمد،  1928-1981.</marc:subfield>
        </marc:datafield>
        <marc:datafield tag="880" ind1="1" ind2="2">
            <marc:subfield code="6">245-02/r</marc:subfield>
            <marc:subfield code="a">المعرفة بلغة الفطرة :</marc:subfield>
            <marc:subfield code="b">سلسلة من المحاظرات [المحاضرات] التي القاها الشهيد الدكتور آية الله بهشتي.</marc:subfield>
        </marc:datafield>
        <marc:datafield tag="880" ind1=" " ind2=" ">
            <marc:subfield code="6">250-03/r</marc:subfield>
            <marc:subfield code="a">الطبعة 1.</marc:subfield>
        </marc:datafield>
        <marc:datafield tag="880" ind1=" " ind2=" ">
            <marc:subfield code="6">260-04/r</marc:subfield>
            <marc:subfield code="a">[تهران] :</marc:subfield>
            <marc:subfield code="b">مرکز اعلام الذکرى الخامسه لانتصار الثوره الاسلامية فى ايران، 1404 [1983 or 1984]</marc:subfield>
        </marc:datafield>
        <marc:datafield tag="998" ind1=" " ind2=" ">
            <marc:subfield code="a">04/29/88</marc:subfield>
            <marc:subfield code="s">9110</marc:subfield>
            <marc:subfield code="n">NjP</marc:subfield>
            <marc:subfield code="w">DCLC85136156B</marc:subfield>
            <marc:subfield code="d">04/29/88</marc:subfield>
            <marc:subfield code="c">DGH</marc:subfield>
            <marc:subfield code="b">DGH</marc:subfield>
            <marc:subfield code="i">880429</marc:subfield>
            <marc:subfield code="l">NJPG</marc:subfield>
        </marc:datafield>
        <marc:datafield tag="911" ind1=" " ind2=" ">
            <marc:subfield code="a">19921028</marc:subfield>
        </marc:datafield>
        <marc:datafield tag="912" ind1=" " ind2=" ">
            <marc:subfield code="a">19900828000000.0</marc:subfield>
        </marc:datafield>
        <marc:datafield tag="999" ind1=" " ind2=" ">
            <marc:subfield code="a">441360</marc:subfield>
        </marc:datafield>
    </marc:record>
    </marc:collection>